<?xml version="1.0" encoding="UTF-8"?><collection xmlns="http://www.loc.gov/MARC21/slim"><record><leader>00327nam--2200133-i-4500</leader><controlfield tag="001">000032104</controlfield><controlfield tag="002">20161230</controlfield><controlfield tag="005">20161230201039</controlfield><controlfield tag="008">060222s1000------------r-----000-0-eng-d</controlfield><datafield ind1=" " ind2=" " tag="080"><subfield code="a">621.372.54</subfield></datafield><datafield ind1=" " ind2=" " tag="100"><subfield code="a">Marchais, J.C</subfield></datafield><datafield ind1=" " ind2=" " tag="245"><subfield code="a">Structures elementires de filtres actifs</subfield></datafield><datafield ind1=" " ind2=" " tag="260"><subfield code="a">Paris, Masson, 1979, 124p</subfield></datafield><datafield ind1=" " ind2=" " tag="852"><subfield code="a">48838</subfield></datafield></record></collection>